<?xml version="1.0" encoding="UTF-8"?><record xmlns="http://www.loc.gov/MARC21/slim" xmlns:cinclude="http://apache.org/cocoon/include/1.0" xmlns:zs="http://www.loc.gov/zing/srw/">
  <leader>00427cz  a2200145n  4500</leader>
  <controlfield tag="001">n  83223398 </controlfield>
  <controlfield tag="003">DLC</controlfield>
  <controlfield tag="005">20081221205850.0</controlfield>
  <controlfield tag="008">831017n| acannaabn          |n aaa      </controlfield>
  <datafield tag="010" ind1=" " ind2=" ">
    <subfield code="a">n  83223398 </subfield>
  </datafield>
  <datafield tag="035" ind1=" " ind2=" ">
    <subfield code="a">(OCoLC)oca01029429</subfield>
  </datafield>
  <datafield tag="040" ind1=" " ind2=" ">
    <subfield code="a">DLC</subfield>
    <subfield code="b">eng</subfield>
    <subfield code="c">DLC</subfield>
    <subfield code="d">OCoLC</subfield>
  </datafield>
  <datafield tag="100" ind1="1" ind2=" ">
    <subfield code="a">Gerelyes, Ede</subfield>
  </datafield>
  <datafield tag="670" ind1=" " ind2=" ">
    <subfield code="a">His Budapest munkaĚsmozgalma, 1919-1945, 1982:</subfield>
    <subfield code="b">t.p. (Gerelyes Ede)</subfield>
  </datafield>
  <datafield tag="670" ind1=" " ind2=" ">
    <subfield code="a">LC data base, 8-11, 83</subfield>
    <subfield code="b">(hdg.: Gerelyes, Ede)</subfield>
  </datafield>
</record>